@book{
therac,
Author = {Nancy Leveson},
publisher= {Addison Wesley},

title = {Safeware: System Safety and Computers},
year = {1995}
}
@misc{
cars,
Author={John Traenkenschuh},
title = {Secure Your Embedded Systems Now!},
organization ={informIT},
year = {2013},
month = {October},
howpublished={  http://www.informit.com/articles/article.aspx?p=2140093}
}
@misc{
sim,
Author = {Sebastian Anthony},
howpublished = {http://www.extremetech.com/computing/161870-the-humble-sim-card-has-finally-been-hacked-billions-of-phones-at-risk-of-data-theft-premium-rate-scams},
title = {The humble SIM card has finally been hacked: Billions of phones at risk of data theft, premium rate scams},
month = {July},
year = {2013}
}
@inproceedings{
pacemaker,
title={Runaway Pacemaker Due to Software-Based Programming Error},
author={Jeroen V. Levert and Jan C.A. Hoorntje},
booktitle={PACE, Vol. 27},
pages={1689},
year={2004},
organization={Department of Cardiology, Isala Klinieken, locatie Weezenlanden, Zwolle, the Netherlands}
}

@inproceedings{
bedrock1,
Author = {Adam Chlipala},
title={Mostly-Automated Verification of Low-Level Programs in Computational Separation Logic},
booktitle={PLDI},
year={2011},
organization={Harvard University}}


@inproceedings{
bedrock2,
Author = {Adam Chlipala},
title={The Bedrock Structured Programming System, Combining Generative Metaprogramming and Hoare Logic in an Extensible Program
Verifier},
booktitle={ICFP},
year={2013},
organization={MIT CSAIL}}

@inproceedings{
reflex,
Author = {Daniel Ricketts et al.},
title = {Automating Formal Proofs for Reactive Systems},
booktitle={PLDI},
year={2014},
organization={University of California, San Diego}}

@inproceedings{
rocksalt,
author={Greg Morrisett et al.},
title={RockSalt: Better, Faster, Stronger SFI for the x86},
booktitle={PLDI},
year={2012},
organization={Harvard University}}

@inproceedings{
mcsm,
author={Bastian Schlich et al.},
title={Model Checking Software for Microcontrollers},
organization={Department of Computer Science of RWTH Aachen University},
year={2006}}

@inproceedings{
coqasm,
author={Andrew Kennedy et al.},
title={Coq: The worldâ€™s best macro assembler?},
booktitle={PPDP},
year={2013},
organization={Microsoft Research}}

@misc{
drivers,
author ={Jianjun Duan, John Regehr},
title={Correctness Proofs for Device Drivers in Embedded Systems},
organization={School of Computing University of Utah}}
